<?xml version="1.0" encoding="UTF-8"?><collection xmlns="http://www.loc.gov/MARC21/slim"><record><leader>00370nam--2200133-i-4500</leader><controlfield tag="001">000040570</controlfield><controlfield tag="002">20161230</controlfield><controlfield tag="005">20161230201042</controlfield><controlfield tag="008">060222s1000------------r-----000-0-eng-d</controlfield><datafield ind1=" " ind2=" " tag="080"><subfield code="a">681.31/.32:621.382:621.37</subfield></datafield><datafield ind1=" " ind2=" " tag="245"><subfield code="a">Analog-digital. conversion handbook</subfield></datafield><datafield ind1=" " ind2=" " tag="260"><subfield code="a">Norwood, Massachusetts, Analog Devices, 1972, P.Dif</subfield></datafield><datafield ind1=" " ind2=" " tag="700"><subfield code="a">Scheingold, Daniel H</subfield></datafield><datafield ind1=" " ind2=" " tag="852"><subfield code="a">38341</subfield></datafield></record></collection>